@article{handley2015polychord,
  title={POLYCHORD: next-generation nested sampling},
  author={Handley, WJ and Hobson, MP and Lasenby, AN},
  journal={Monthly Notices of the Royal Astronomical Society},
  volume={453},
  number={4},
  pages={4384--4398},
  year={2015},
  publisher={Oxford University Press}
}

@book{sivia2006data,
  title={Data analysis: a Bayesian tutorial},
  author={Sivia, Devinderjit and Skilling, John},
  year={2006},
  publisher={OUP Oxford}
}

@article{blanchard2021accurately,
  title={Accurately computing the log-sum-exp and softmax functions},
  author={Blanchard, Pierre and Higham, Desmond J and Higham, Nicholas J},
  journal={IMA Journal of Numerical Analysis},
  volume={41},
  number={4},
  pages={2311--2330},
  year={2021},
  publisher={Oxford University Press}
}

@article{bourke2015advancing,
  title={Advancing Astrophysics with the Square Kilometre Array (AASKA14)},
  author={Bourke, Tyler and Braun, Robert and Fender, Rob and GOVONI, FEDERICA and Green, Jimi and Hoare, Melvin and Jarvis, Matt and Johnston-Hollitt, Melanie and Keane, Evan and Koopmans, Leon and others},
  journal="",
  year={2015},
  publisher={ITA}
}

@article{johnston2008science,
  title={Science with ASKAP},
  author={Johnston, Simon and Taylor, R and Bailes, Matthew and Bartel, Norbert and Baugh, C and Bietenholz, M and Blake, Chris and Braun, R and Brown, J and Chatterjee, Shami and others},
  journal={Experimental astronomy},
  volume={22},
  number={3},
  pages={151--273},
  year={2008},
  publisher={Springer}
}

@inproceedings{de2019reach,
  title={Reach: Radio experiment for the analysis of cosmic hydrogen},
  author={de Lera Acedo, Eloy},
  booktitle={2019 International Conference on Electromagnetics in Advanced Applications (ICEAA)},
  pages={0626--0629},
  year={2019},
  organization={IEEE}
}

@article{sun2022robust,
  title={A robust RFI identification for radio interferometry based on a convolutional neural network},
  author={Sun, Haomin and Deng, Hui and Wang, Feng and Mei, Ying and Xu, Tingting and Smirnov, Oleg and Deng, Linhua and Wei, Shoulin},
  journal={Monthly Notices of the Royal Astronomical Society},
  volume={512},
  number={2},
  pages={2025--2033},
  year={2022},
  publisher={Oxford University Press}
}

@article{offringa2010aoflagger,
  title={AOFlagger: RFI Software},
  author={Offringa, AR},
  journal={Astrophysics Source Code Library},
  pages={ascl--1010},
  year={2010}
}

@article{kerrigan2019optimizing,
  title={Optimizing sparse RFI prediction using deep learning},
  author={Kerrigan, Joshua and Plante, Paul La and Kohn, Saul and Pober, Jonathan C and Aguirre, James and Abdurashidova, Zara and Alexander, Paul and Ali, Zaki S and Balfour, Yanga and Beardsley, Adam P and others},
  journal={Monthly Notices of the Royal Astronomical Society},
  volume={488},
  number={2},
  pages={2605--2615},
  year={2019},
  publisher={Oxford University Press}
}

@article{singh2017first,
  title={First results on the epoch of reionization from first light with SARAS 2},
  author={Singh, Saurabh and Subrahmanyan, Ravi and Shankar, N Udaya and Rao, Mayuri Sathyanarayana and Fialkov, Anastasia and Cohen, Aviad and Barkana, Rennan and Girish, BS and Raghunathan, A and Somashekar, R and others},
  journal={The Astrophysical Journal Letters},
  volume={845},
  number={2},
  pages={L12},
  year={2017},
  publisher={IOP Publishing}
}

@article{anesthetic,
    doi = {10.21105/joss.01414},
    url = {http://dx.doi.org/10.21105/joss.01414},
    year  = {2019},
    month = {Jun},
    publisher = {The Open Journal},
    volume = {4},
    number = {37},
    pages = {1414},
    author = {Will Handley},
    title = {anesthetic: nested sampling visualisation},
    journal = {The Journal of Open Source Software}
}

@article{fgivenx,
    doi = {10.21105/joss.00849},
    url = {http://dx.doi.org/10.21105/joss.00849},
    year  = {2018},
    month = {Aug},
    publisher = {The Open Journal},
    volume = {3},
    number = {28},
    author = {Will Handley},
    title = {fgivenx: Functional Posterior Plotter},
    journal = {The Journal of Open Source Software}
}

@article{anstey2021general,
  title={A general Bayesian framework for foreground modelling and chromaticity correction for global 21 cm experiments},
  author={Anstey, Dominic and de Lera Acedo, Eloy and Handley, Will},
  journal={Monthly Notices of the Royal Astronomical Society},
  volume={506},
  number={2},
  pages={2041--2058},
  year={2021},
  publisher={Oxford University Press}
}

@inproceedings{oslick1998general,
  title={A general approach to the generation of biorthogonal bases of compactly-supported wavelets},
  author={Oslick, Mitchell and Linscott, Ivan R and Maslakovic, Snezana and Twicken, Joseph D},
  booktitle={Proceedings of the 1998 IEEE International Conference on Acoustics, Speech and Signal Processing, ICASSP'98 (Cat. No. 98CH36181)},
  volume={3},
  pages={1537--1540},
  year={1998},
  organization={IEEE}
}

@article{offringa2010post,
  title={Post-correlation radio frequency interference classification methods},
  author={Offringa, AR and De Bruyn, AG and Biehl, M and Zaroubi, S and Bernardi, G and Pandey, VN},
  journal={Monthly Notices of the Royal Astronomical Society},
  volume={405},
  number={1},
  pages={155--167},
  year={2010},
  publisher={Blackwell Publishing Ltd Oxford, UK}
}

@article{baan2004radio,
  title={Radio frequency interference mitigation at the westerbork synthesis radio telescope: Algorithms, test observations, and system implementation},
  author={Baan, WA and Fridman, PA and Millenaar, RP},
  journal={The Astronomical Journal},
  volume={128},
  number={2},
  pages={933},
  year={2004},
  publisher={IOP Publishing}
}

@article{akeret2017radio,
  title={Radio frequency interference mitigation using deep convolutional neural networks},
  author={Akeret, Joel and Chang, Chihway and Lucchi, Aurelien and Refregier, Alexandre},
  journal={Astronomy and computing},
  volume={18},
  pages={35--39},
  year={2017},
  publisher={Elsevier}
}

@article{vafaei2020deep,
  title={Deep learning improves identification of Radio Frequency Interference},
  author={Vafaei Sadr, Alireza and Bassett, Bruce A and Oozeer, Nadeem and Fantaye, Yabebal and Finlay, Chris},
  journal={Monthly Notices of the Royal Astronomical Society},
  volume={499},
  number={1},
  pages={379--390},
  year={2020},
  publisher={Oxford University Press}
}

@article{de2022reach,
  title={The REACH radiometer for detecting the 21-cm hydrogen signal from redshift zâ‰ˆ 7.5--28},
  author={de Lera Acedo, E and de Villiers, DIL and Razavi-Ghods, N and Handley, W and Fialkov, A and Magro, A and Anstey, D and Bevins, HTJ and Chiello, R and Cumner, J and others},
  journal={Nature Astronomy},
  pages={1--15},
  year={2022},
  publisher={Nature Publishing Group}
}

@article{bowman2018absorption,
  title={An absorption profile centred at 78 megahertz in the sky-averaged spectrum},
  author={Bowman, Judd D and Rogers, Alan EE and Monsalve, Raul A and Mozdzen, Thomas J and Mahesh, Nivedita},
  journal={Nature},
  volume={555},
  number={7694},
  pages={67--70},
  year={2018},
  publisher={Nature Publishing Group}
}

@article{ellingson2006rfi,
  title={RFI MITIGATION TECHNIQUES IN RADIO ASTRONOMY},
  author={Ellingson, SW and Lewis, BM},
  journal={An SKA Engineering Overview},
  pages={116},
  year={2006},
  publisher={Citeseer}
}

@phdthesis{wilensky2021improving,
  title={Improving 21-cm Epoch of Reionization Power Spectrum Limits by Characterizing and Mitigating Radio Frequency Interference},
  author={Wilensky, Michael},
  year={2021},
  school={University of Washington}
}

@article{kennedy2022statistical,
  title={Statistical recovery of 21cm visibilities and their power spectra with Gaussian constrained realisations and Gibbs sampling},
  author={Kennedy, Fraser and Bull, Philip and Wilensky, Michael and Choudhuri, Samir},
  journal={arXiv preprint arXiv:2211.05088},
  year={2022}
}
